<record><leader>00000cas a22000007a 4500</leader><controlfield tag="001">23455837</controlfield><controlfield tag="008">910411d19801980ohumr ne      0    0eng d</controlfield><datafield ind1=" " ind2=" " tag="010"><subfield code="a">sn 91069115 </subfield></datafield><datafield ind1=" " ind2=" " tag="040"><subfield code="a">ONP</subfield><subfield code="b">eng</subfield><subfield code="c">ONP</subfield><subfield code="d">OCLCQ</subfield></datafield><datafield ind1=" " ind2=" " tag="042"><subfield code="a">msc</subfield></datafield><datafield ind1="0" ind2="0" tag="245"><subfield code="a">Countryside &amp; community news.</subfield></datafield><datafield ind1="3" ind2="0" tag="246"><subfield code="a">Countryside and community news</subfield></datafield><datafield ind1=" " ind2=" " tag="260"><subfield code="a">Richfield, Ohio :</subfield><subfield code="b">Mrs. Ann Fremon,</subfield><subfield code="c">1980.</subfield></datafield><datafield ind1=" " ind2=" " tag="300"><subfield code="a">v.</subfield></datafield><datafield ind1=" " ind2=" " tag="310"><subfield code="a">Monthly</subfield></datafield><datafield ind1="0" ind2=" " tag="362"><subfield code="a">Feb. 1980-Dec. 1980.</subfield></datafield><datafield ind1=" " ind2=" " tag="752"><subfield code="a">United States</subfield><subfield code="b">Ohio</subfield><subfield code="c">Summit</subfield><subfield code="d">Richfield.</subfield></datafield><datafield ind1="0" ind2="0" tag="780"><subfield code="t">Richfield community news and calendar</subfield><subfield code="w">(DLC)sn 91069114</subfield></datafield></record>